

@article{yukawa1935,
  author  = {Yukawa, Hideki},
  title   = {On the Interaction of Elementary Particles I},
  journal = {Proceedings of the Physico-Mathematical Society of Japan. 3rd Series},
  volume  = {17},
  pages   = {48--57},
  year    = {1935}
}


@article{borys2008,
  author    = {Borys, Pawe{\l} and Grzywna, Zygmunt J.},
  title     = {On the role of ball and chain interactions in recovery from the inactivation of the shaker potassium channel},
  journal   = {Cellular \& Molecular Biology Letters},
  year      = {2008},
  volume    = {13},
  number    = {4},
  pages     = {526--534},
  doi       = {10.2478/s11658-008-0018-5},
  note      = {Epub 2008 May 10},
  pmid      = {18470657},
  pmcid     = {PMC6275695}
}


@article{nakatani2018,
  title={Specific Spatial Localization of Actin and DNA in a Water/Water Microdroplet: Self-Emergence of a Cell-Like Structure},
  author={Nakatani, Naoki and Sakuta, Hiroshi and Hayashi, Makoto and Tanaka, Shunsuke and Takiguchi, Kohei and Tsumoto, Kouhei and Yoshikawa, Kenichi},
  journal={Chembiochem},
  volume={19},
  number={13},
  pages={1370--1374},
  year={2018},
  doi={10.1002/cbic.201800066}
}

@misc{cdc-covid,
  author       = {{Centers for Disease Control and Prevention (CDC)}},
  title        = {SARS-CoV-2 illustration},
  howpublished = {\url{https://www.cdc.gov/museum/timeline/covid19.html}},
  note         = {Accessed April 18, 2025},
  year         = {n.d.}
}


@article{harish2021,
  author    = {S. Harish and M. Murugan and M. Kannan and S. Parthasarathy and S.R. Prabhukarthikeyan and K. Elango},
  title     = {Entomopathogenic viruses},
  booktitle = {Microbial Approaches for Insect Pest Management},
  publisher = {Springer},
  year      = {2021},
  pages     = {1--57}
}

% sars.viron.png
@article{cubuk2021nucleocapsid,
  title={The SARS-CoV-2 nucleocapsid protein is dynamic, disordered, and phase separates with RNA},
  author={Cubuk, J. and Alston, J.J. and Incicco, J.J. and others},
  journal={Nature Communications},
  volume={12},
  number={1},
  pages={1936},
  year={2021},
  publisher={Nature Publishing Group},
  doi={10.1038/s41467-021-21953-3}
}

@article{BrandarizNunez2019,
  author       = {Brandariz-Nu√±ez, A. and Liu, T. and Du, T. and Evilevitch, A.},
  title        = {Pressure-driven release of viral genome into a host nucleus is a mechanism leading to herpes infection},
  journal      = {eLife},
  year         = {2019},
  volume       = {8},
  pages        = {e47212},
  doi          = {10.7554/eLife.47212},
  pmid         = {31393262},
  pmcid        = {PMC6711703},
  url          = {https://doi.org/10.7554/eLife.47212}
}